@article{sherba,
   author = {Sherba, Jason and Blesius, Leonhard and Davis, Jerry},
   title = {Object-Based Classification of Abandoned Logging Roads under Heavy Canopy Using LiDAR},
   journal = {Remote sensing (Basel, Switzerland)},
   volume = {6},
   number = {5},
   pages = {4043-4060},
   keywords = {object-based classification
logging roads
forest roads
LiDAR},
   ISSN = {2072-4292},
   DOI = {10.3390/rs6054043},
   year = {2014},
   type = {Journal Article}
}

@article{baxter,
author = {Baxter, Colden V. and Frissell, Christopher A. and Hauer, F. Richard},
title = {Geomorphology, Logging Roads, and the Distribution of Bull Trout Spawning in a Forested River Basin: Implications for Management and Conservation},
journal = {Transactions of the American Fisheries Society (1900)},
volume = {128},
number = {5},
pages = {854-867},
ISSN = {0002-8487},
DOI = {10.1577/1548-8659(1999)128<0854:GLRATD>2.0.CO;2},
year = {1999},
type = {Journal Article}
}

@article{douglas,
author = {Douglas, Ian and Spencer, Tom and Greer, Tony and Bidin, Kawi and Sinun, Waidi and Meng, Wong Wai},
title = {The Impact of Selective Commercial Logging on Stream Hydrology, Chemistry and Sediment Loads in the Ulu Segama Rain Forest, Sabah, Malaysia},
journal = {Philosophical transactions. Biological sciences},
volume = {335},
number = {1275},
pages = {397-406},
ISSN = {0962-8436},
DOI = {10.1098/rstb.1992.0031},
year = {1992},
type = {Journal Article}
}

@article{rab,
author = {Rab, M. A.},
title = {Recovery of soil physical properties from compaction and soil profile disturbance caused by logging of native forest in Victorian Central Highlands, Australia},
journal = {Forest ecology and management},
volume = {191},
number = {1},
pages = {329-340},
ISSN = {0378-1127},
DOI = {10.1016/j.foreco.2003.12.010},
year = {2004},
type = {Journal Article}
}

@article{white,
author = {White, Russell A. and Dietterick, Brian C. and Mastin, Thomas and Strohman, Rollin},
title = {Forest Roads Mapped Using LiDAR in Steep Forested Terrain},
journal = {Remote sensing (Basel, Switzerland)},
volume = {2},
number = {4},
pages = {1120-1141},
keywords = {GIS
forest roads
LiDAR applications},
ISSN = {2072-4292},
DOI = {10.3390/rs2041120},
year = {2010},
type = {Journal Article}
}

@misc{underwood,
author = {Underwood, Kristian R.},
title = {The effects of hillslopes on trail degradation Olympic National Park, Washington},
publisher = {ProQuest Dissertations Publishing},
keywords = {Geology
Hydrologic sciences
Physical geography},
ISBN = {9781109191608},
year = {2009},
type = {Generic}
}

@book{lillesand,
author = {Lillesand, Thomas M. and Kiefer, Ralph W. and Chipman, Jonathan W.},
title = {Remote sensing and image interpretation},
publisher = {John Wiley & Sons, Inc.},
address = {Hoboken, N.J.},
edition = {Seventh edition.},
pages = {xii, 720 pages},
ISBN = {9781118343289 (paperback)},
year = {2015},
type = {Book}
}

@article{zhen,
author = {Zhen, Zhen and Quackenbush, Lindi and Zhang, Lianjun},
title = {Impact of Tree-Oriented Growth Order in Marker-Controlled Region Growing for Individual Tree Crown Delineation Using Airborne Laser Scanner (ALS) Data},
journal = {Remote sensing (Basel, Switzerland)},
volume = {6},
number = {1},
pages = {555-579},
ISSN = {2072-4292},
DOI = {10.3390/rs6010555},
year = {2014},
type = {Journal Article}
}

@book{navulur,
author = {Navulur, Kumar},
title = {Multispectral image analysis using the object-oriented paradigm},
publisher = {CRC Press/Taylor & Francis},
address = {Boca Raton},
pages = {165 p., 24 p. of plates},
ISBN = {1420043064 (alk. paper)
9781420043068 (alk. paper)},
url = {Table of contents only http://www.loc.gov/catdir/toc/ecip0616/2006021814.html},
url = {Publisher description http://www.loc.gov/catdir/enhancements/fy0661/2006021814-d.html},
year = {2007},
type = {Book}
}

@article{luca,
author = {De Luca, Giandomenico and N. Silva, João M. and Cerasoli, Sofia and Araújo, João and Campos, José and Di Fazio, Salvatore and Modica, Giuseppe},
title = {Object-Based Land Cover Classification of Cork Oak Woodlands using UAV Imagery and Orfeo ToolBox},
journal = {Remote sensing (Basel, Switzerland)},
volume = {11},
number = {10},
pages = {1238},
ISSN = {2072-4292},
DOI = {10.3390/rs11101238},
year = {2019},
type = {Journal Article}
}

@article{erikson,
author = {Erikson, Mats},
title = {Segmentation of individual tree crowns in colour aerial photographs using region growing supported by fuzzy rules},
journal = {Canadian journal of forest research},
volume = {33},
number = {8},
pages = {1557-1563},
ISSN = {0045-5067},
DOI = {10.1139/x03-062},
year = {2003},
type = {Journal Article}
}

@article{idrees,
author = {Idrees, Mohammed and Pradhan, Biswajeet},
title = {Hybrid Taguchi-Objective Function Optimization Approach For Automatic Cave Bird Detection From Terrestrial Laser Scanning Intensity Image},
journal = {International Journal of Speleology},
volume = {45},
number = {3},
pages = {289-301},
ISSN = {0392-6672},
DOI = {10.5038/1827-806X.45.3.1988},
year = {2016},
type = {Journal Article}
}

@article{carreira,
  author    = {Miguel {\'{A}}. Carreira{-}Perpi{\~{n}}{\'{a}}n},
  title     = {A review of mean-shift algorithms for clustering},
  journal   = {CoRR},
  volume    = {abs/1503.00687},
  year      = {2015},
  url       = {http://arxiv.org/abs/1503.00687},
  archivePrefix = {arXiv},
  eprint    = {1503.00687},
  timestamp = {Mon, 13 Aug 2018 16:49:01 +0200},
  biburl    = {https://dblp.org/rec/journals/corr/Carreira-Perpinan15.bib},
  bibsource = {dblp computer science bibliography, https://dblp.org}
}

@article{li,
author = {Li, Peng and Wang, Ruisheng and Wang, Yanxia and Gao, Ge},
title = {Automated Method of Extracting Urban Roads Based on Region Growing from Mobile Laser Scanning Data},
journal = {Sensors (Basel, Switzerland)},
volume = {19},
number = {23},
pages = {5262},
ISSN = {1424-8220},
DOI = {10.3390/s19235262},
year = {2019},
type = {Journal Article}
}


@article{benz,
author = {Benz, Ursula C. and Hofmann, Peter and Willhauck, Gregor and Lingenfelder, Iris and Heynen, Markus},
title = {Multi-resolution, object-oriented fuzzy analysis of remote sensing data for GIS-ready information},
journal = {ISPRS journal of photogrammetry and remote sensing},
volume = {58},
number = {3},
pages = {239-258},
ISSN = {0924-2716},
DOI = {10.1016/j.isprsjprs.2003.10.002},
year = {2004},
type = {Journal Article}
}

@misc{alon,
author = {Alon, Alvin Sarraga and Festijo, Enrique D. and Juanico, Drandreb Earl O.},
title = {An Object-Based Supervised Nearest Neighbor Method for Extraction of Rhizophora in Mangrove Forest from LiDAR Data and Orthophoto},
publisher = {IEEE},
pages = {102-107},
ISBN = {2470-640X},
DOI = {10.1109/ICSEngT.2019.8906397},
year = {2019},
type = {Generic}
}

@misc{preetha,
author = {Preetha, M. Mary Synthuja Jain and Suresh, L. Padma and Bosco, M. John},
title = {Image segmentation using seeded region growing},
publisher = {IEEE},
pages = {576-583},
ISBN = {9781467302111},
DOI = {10.1109/ICCEET.2012.6203897},
year = {2012},
type = {Generic}
}


@Article{xu,
AUTHOR = {Xu, Jialang and Luo, Chunbo and Chen, Xinyue and Wei, Shicai and Luo, Yang},
TITLE = {Remote Sensing Change Detection Based on Multidirectional Adaptive Feature Fusion and Perceptual Similarity},
JOURNAL = {Remote Sensing},
VOLUME = {13},
YEAR = {2021},
NUMBER = {15},
ARTICLE-NUMBER = {3053},
URL = {https://www.mdpi.com/2072-4292/13/15/3053},
ISSN = {2072-4292},
DOI = {10.3390/rs13153053}
}

@article{khatami,
title = {A meta-analysis of remote sensing research on supervised pixel-based land-cover image classification processes: General guidelines for practitioners and future research},
journal = {Remote Sensing of Environment},
volume = {177},
pages = {89-100},
year = {2016},
issn = {0034-4257},
doi = {https://doi.org/10.1016/j.rse.2016.02.028},
url = {https://www.sciencedirect.com/science/article/pii/S0034425716300578},
author = {Reza Khatami and Giorgos Mountrakis and Stephen V. Stehman}
}

@article{lu,
author = { D.   Lu  and  Q.   Weng },
title = {A survey of image classification methods and techniques for improving classification performance},
journal = {International Journal of Remote Sensing},
volume = {28},
number = {5},
pages = {823-870},
year  = {2007},
publisher = {Taylor & Francis},
doi = {10.1080/01431160600746456},
URL = { 
        https://doi.org/10.1080/01431160600746456
},
eprint = { 
        https://doi.org/10.1080/01431160600746456
}
}

@article{karami,
author = {Karami, Ayoob and Khoorani, Asadollah and Noohegar, Ahmad and Shamsi, Seyed Rashid Fallah and Moosavi, Vahid},
title = {Gully erosion mapping using object-based and pixel-based image classification methods},
journal = {Environmental & engineering geoscience},
volume = {21},
number = {2},
pages = {101-110},
ISSN = {1078-7275},
DOI = {10.2113/gseegeosci.21.2.101},
year = {2015},
type = {Journal Article}
}

@article{martins,
author = {Martins, Vitor S. and Kaleita, Amy L. and Gelder, Brian K. and da Silveira, Hilton L. F. and Abe, Camila A.},
title = {Exploring multiscale object-based convolutional neural network (multi-OCNN) for remote sensing image classification at high spatial resolution},
journal = {ISPRS journal of photogrammetry and remote sensing},
volume = {168},
pages = {56-73},
ISSN = {0924-2716},
DOI = {10.1016/j.isprsjprs.2020.08.004},
year = {2020},
type = {Journal Article}
}


@Article{lv,
AUTHOR = {Lv, Xianwei and Ming, Dongping and Lu, Tingting and Zhou, Keqi and Wang, Min and Bao, Hanqing},
TITLE = {A New Method for Region-Based Majority Voting CNNs for Very High Resolution Image Classification},
JOURNAL = {Remote Sensing},
VOLUME = {10},
YEAR = {2018},
NUMBER = {12},
ARTICLE-NUMBER = {1946},
URL = {https://www.mdpi.com/2072-4292/10/12/1946},
ISSN = {2072-4292},
DOI = {10.3390/rs10121946}
}

@ARTICLE{zhang,
  author={Zhang, Liangpei and Zhang, Lefei and Du, Bo},
  journal={IEEE Geoscience and Remote Sensing Magazine}, 
  title={Deep Learning for Remote Sensing Data: A Technical Tutorial on the State of the Art}, 
  year={2016},
  volume={4},
  number={2},
  pages={22-40},
  doi={10.1109/MGRS.2016.2540798}}

@misc{yucong,
author = {Yucong, Lin and Saripalli, S.},
title = {Road detection from aerial imagery},
publisher = {IEEE},
pages = {3588-3593},
ISBN = {1050-4729},
DOI = {10.1109/ICRA.2012.6225112},
year = {2012},
type = {Generic}
}

@article{mena,
author = {Mena, J.B.},
year = {2003},
month = {12},
pages = {3037–3058},
title = {State of the art on automatic road extraction for GIS update: A novel classification},
volume = {24},
journal = {Pattern Recognition Letters},
doi = {10.1016/S0167-8655(03)00164-8}
}

@article{yong,
author = {Li, Yong and Yong, Bin and Wu, Huayi and An, Ru and Xu, Hanwei},
title = {Road detection from airborne LiDAR point clouds adaptive for variability of intensity data},
journal = {Optik (Stuttgart)},
volume = {126},
number = {23},
pages = {4292-4298},
ISSN = {0030-4026},
DOI = {10.1016/j.ijleo.2015.08.137},
year = {2015},
type = {Journal Article}

}

@article{ferreira,
title = {Accurate mapping of Brazil nut trees (Bertholletia excelsa) in Amazonian forests using WorldView-3 satellite images and convolutional neural networks},
journal = {Ecological Informatics},
volume = {63},
pages = {101302},
year = {2021},
issn = {1574-9541},
doi = {https://doi.org/10.1016/j.ecoinf.2021.101302},
url = {https://www.sciencedirect.com/science/article/pii/S1574954121000935},
author = {Matheus Pinheiro Ferreira and Rodolfo Georjute Lotte and Francisco V. D'Elia and Christos Stamatopoulos and Do-Hyung Kim and Adam R. Benjamin},
keywords = {Deep learning, Tree species discrimination, Amazon, Very-high-resolution}
}


@Article{duan,
AUTHOR = {Duan, GongHao and Zhang, JunChi and Zhang, Shuiping},
TITLE = {Assessment of Landslide Susceptibility Based on Multiresolution Image Segmentation and Geological Factor Ratings},
JOURNAL = {International Journal of Environmental Research and Public Health},
VOLUME = {17},
YEAR = {2020},
NUMBER = {21},
ARTICLE-NUMBER = {7863},
URL = {https://www.mdpi.com/1660-4601/17/21/7863},
PubMedID = {33120996},
ISSN = {1660-4601},
DOI = {10.3390/ijerph17217863}
}


@article{tab,
title = {Scalable multiresolution color image segmentation},
journal = {Signal Processing},
volume = {86},
number = {7},
pages = {1670-1687},
year = {2006},
issn = {0165-1684},
doi = {https://doi.org/10.1016/j.sigpro.2005.09.016},
url = {https://www.sciencedirect.com/science/article/pii/S0165168405003075},
author = {Fardin Akhlaghian Tab and Golshah Naghdy and Alfred Mertins}
}

@article{wong,
author = {Wong, K and Neo, Louise},
year = {2019},
month = {10},
pages = {463-496},
title = {Species richness, lineages, geography, and the forest matrix: Borneo's 'Middle Sarawak' phenomenon},
volume = {71},
doi = {10.26492/gbs71(suppl.2).2019-23}
}

@article{wemple,
author = {Wemple, Beverley C. and Swanson, Frederick J. and Jones, Julia A.},
title = {Forest roads and geomorphic process interactions, Cascade Range, Oregon},
journal = {Earth Surface Processes and Landforms},
volume = {26},
number = {2},
pages = {191-204},
keywords = {forest roads, mass wasting, fluvial erosion, restoration},
doi = {https://doi.org/10.1002/1096-9837(200102)26:2<191::AID-ESP175>3.0.CO;2-U},
year = {2001}
}

@article{wang,
title = {A review of road extraction from remote sensing images},
journal = {Journal of Traffic and Transportation Engineering (English Edition)},
volume = {3},
number = {3},
pages = {271-282},
year = {2016},
issn = {2095-7564},
doi = {https://doi.org/10.1016/j.jtte.2016.05.005},
url = {https://www.sciencedirect.com/science/article/pii/S2095756416301076},
author = {Weixing Wang and Nan Yang and Yi Zhang and Fengping Wang and Ting Cao and Patrik Eklund},
keywords = {Remote sensing image, Road extraction, Road feature, Classification}
}

@article{troendle,
author = {Troendle, C. A. and King, R. M.},
title = {The Effect of Timber Harvest on the Fool Creek Watershed, 30 Years Later},
journal = {Water Resources Research},
volume = {21},
number = {12},
pages = {1915-1922},
doi = {https://doi.org/10.1029/WR021i012p01915},
url = {https://agupubs.onlinelibrary.wiley.com/doi/abs/10.1029/WR021i012p01915},
eprint = {https://agupubs.onlinelibrary.wiley.com/doi/pdf/10.1029/WR021i012p01915},
year = {1985}
}

@article{stoker,
author = {Stoker, J.M., Brock, J.C., Soulard, C.E., Ries, K.G., Sugarbaker, L.J., Newton, W.E., Haggerty, P.K., Lee, K.E., and Young, J.A.,},
title = {USGS lidar science strategy—Mapping the technology to the science: U.S. Geological Survey Open-File Report 2015},
volume = {1209},
pages = {0-33},
doi = {http://dx.doi.org/10.3133/ofr20151209},
year = {2016}
}

@article{moore,
author = {Dan Moore, R. and Wondzell, S.M.},
title = {PHYSICAL HYDROLOGY AND THE EFFECTS OF FOREST HARVESTING IN THE PACIFIC NORTHWEST: A REVIEW},
journal = {Journal of the American Water Resources Association},
volume = {41},
number = {4},
pages = {763-784},
keywords = {streamflow, forest harvesting, headwater, peak flow, low flow, water yield, small catchment, Pacific Northwest},
doi = {https://doi.org/10.1111/j.1752-1688.2005.tb03770.x},
url = {https://onlinelibrary.wiley.com/doi/abs/10.1111/j.1752-1688.2005.tb03770.x},
eprint = {https://onlinelibrary.wiley.com/doi/pdf/10.1111/j.1752-1688.2005.tb03770.x},
year = {2005}
}

@article{luce,
author = {Luce, Charles H. and Black, Thomas A.},
title = {Sediment production from forest roads in western Oregon},
journal = {Water Resources Research},
volume = {35},
number = {8},
pages = {2561-2570},
doi = {https://doi.org/10.1029/1999WR900135},
url = {https://agupubs.onlinelibrary.wiley.com/doi/abs/10.1029/1999WR900135},
eprint = {https://agupubs.onlinelibrary.wiley.com/doi/pdf/10.1029/1999WR900135},
year = {1999}
}

@article{jacob,
author = {Jacob, Laís and Prudente, Bruno and Montag, Luciano and Silva, Rogerio},
year = {2021},
month = {03},
pages = {1-13},
title = {The effect of different logging regimes on the ecomorphological structure of stream fish assemblages in the Brazilian Amazon},
volume = {848},
journal = {Hydrobiologia},
doi = {10.1007/s10750-020-04508-3}
}

@article{gronsdahl,
author = {Gronsdahl, Stefan and Moore, R. Dan and Rosenfeld, Jordan and McCleary, Rich and Winkler, Rita},
title = {Effects of forestry on summertime low flows and physical fish habitat in snowmelt-dominant headwater catchments of the Pacific Northwest},
journal = {Hydrological Processes},
volume = {33},
number = {25},
pages = {3152-3168},
keywords = {fish, forestry, headwater, hydrology, instream flow assessment, logging, low flows, snowmelt-dominant},
doi = {https://doi.org/10.1002/hyp.13580},
url = {https://onlinelibrary.wiley.com/doi/abs/10.1002/hyp.13580},
eprint = {https://onlinelibrary.wiley.com/doi/pdf/10.1002/hyp.13580},
year = {2019}
}

@book{ahnert,
author = {Ahnert, Frank O.},
title = {Introduction to Geomorphology},
publisher = {Arnold},
address = {London},
ISBN = {034069260X},
year = {1998},
language = {eng},
type = {Book}
}

@book{livingstonxxx,
author = {Livingston, Douglas.},
address = {San Francisco},
booktitle = {A good life : dairy farming in the Olema Valley : a history of the dairy and beef ranches of the Olema Valley and Lagunitas Canyon, Golden Gate National Recreation Area and Point Reyes National Seashore, Marin County, California},
keywords = {Dairy farming -- California},
language = {eng},
lccn = {95229648},
publisher = {National Park Service, Department of the Interior},
series = {Historic resource study},
title = {A good life : dairy farming in the Olema Valley : a history of the dairy and beef ranches of the Olema Valley and Lagunitas Canyon, Golden Gate National Recreation Area and Point Reyes National Seashore, Marin County, California },
year = {1995},
}

@article{naggar,
title = {Determination of optimum segmentation parameter values for extracting building from remote sensing images},
journal = {Alexandria Engineering Journal},
volume = {57},
number = {4},
pages = {3089-3097},
year = {2018},
issn = {1110-0168},
doi = {https://doi.org/10.1016/j.aej.2018.10.001},
url = {https://www.sciencedirect.com/science/article/pii/S1110016818301054},
author = {Aly M. El-naggar}
}

@article{ketcham,
title = {Point Reyes National Seashore water quality monitoring report, May 1999-May 2001},
journal = {Point Reyes National Seashore},
year = {2001},
url = {https://www.krisweb.com/biblio/southmarin_nps_pore_wq_report2001.pdf},
author = {Brannon J. Ketcham},
}

@article{reid,
author = {Reid, Leslie M. and Dunne, Thomas},
title = {Sediment production from forest road surfaces},
journal = {Water Resources Research},
volume = {20},
number = {11},
pages = {1753-1761},
doi = {https://doi.org/10.1029/WR020i011p01753},
url = {https://agupubs.onlinelibrary.wiley.com/doi/abs/10.1029/WR020i011p01753},
eprint = {https://agupubs.onlinelibrary.wiley.com/doi/pdf/10.1029/WR020i011p01753},
year = {1984}
}


@article{kelly,
title = {FISH SPECIES OF TOMALES BAY AND ITS WATERSHED},
journal = {The Tomales Bay Association},
year = {1995},
url = {https://www.egret.org/fish-species-tomales-bay-and-its-watershed},
author = {John P. Kelly and Kenneth J. Fox},
}

@article{robson,
author = {Robson, Benjamin Aubrey and Bolch, Tobias and MacDonell, Shelley and Hölbling, Daniel and Rastner, Philipp and Schaffer, Nicole},
copyright = {2020 The Author(s)},
issn = {0034-4257},
journal = {Remote sensing of environment},
language = {eng},
pages = {112033-},
publisher = {Elsevier Inc},
title = {Automated detection of rock glaciers using deep learning and object-based image analysis},
volume = {250},
year = {2020},
}

@Misc{becker,
journal = {Point Reyes, CA.},
author = {Becker, Benjamin and Maloney, Shawn},
title = {Personal communication with leaders of Point Reyes National Seashore},
year = {2020},
}

@book{council,
author = {Council, National Research and Studies, Division on Earth and Life and Board, Ocean Studies and Committee on Best Practices for Shellfish Mariculture and the Effects of Commercial Activities},
address = {Washington, D.C},
copyright = {2009},
isbn = {0309138981},
language = {eng},
organization = {Ocean Studies Board},
publisher = {National Academies Press},
title = {Shellfish Mariculture in Drakes Estero, Point Reyes National Seashore, California},
year = {2009},
}

@Misc{esri,
author =   {ESRI},
title =    {ArcGIS Pro: Version 2.7},
publisher = {Redlands, CA: Environmental Systems Research Institute},
howpublished = {https://support.esri.com/en/technical-article/000012500},
year = {2020}
}

@Misc{ecog,
author =   {eCognition},
title =    {Version 10},
publisher = {Sunnyvale, CA: Trimble Geospatial},
howpublished = {https://geospatial.trimble.com/},
year = {2020}
}

@article{quantum,
journal = {Corvallis, OR.},
author = {Quantum Spatial, Inc.},
title = {Marin County, California QL1 LiDAR: Technical Data Report},
year = {2019},
}


@Article{timilsina,
AUTHOR = {Timilsina, Shirisa and Aryal, Jagannath and Kirkpatrick, Jamie B.},
TITLE = {Mapping Urban Tree Cover Changes Using Object-Based Convolution Neural Network (OB-CNN)},
JOURNAL = {Remote Sensing},
VOLUME = {12},
YEAR = {2020},
NUMBER = {18},
ARTICLE-NUMBER = {3017},
URL = {https://www.mdpi.com/2072-4292/12/18/3017},
ISSN = {2072-4292},
DOI = {10.3390/rs12183017}
}


@Article{lewandowicz,
AUTHOR = {Lewandowicz, Elżbieta and Flisek, Paweł},
TITLE = {Base Point Split Algorithm for Generating Polygon Skeleton Lines on the Example of Lakes},
JOURNAL = {ISPRS International Journal of Geo-Information},
VOLUME = {9},
YEAR = {2020},
NUMBER = {11},
ARTICLE-NUMBER = {680},
URL = {https://www.mdpi.com/2220-9964/9/11/680},
ISSN = {2220-9964},
DOI = {10.3390/ijgi9110680}
}

@book{richards,
author = {Richards, J. A. (John Alan)},
address = {Berlin},
booktitle = {Remote sensing digital image analysis : an introduction},
edition = {Fifth edition.},
isbn = {9783642300615},
keywords = {Image processing -- Digital techniques},
language = {eng},
lccn = {2012938702},
publisher = {Springer},
title = {Remote sensing digital image analysis : an introduction },
year = {2013},
}

@article{maxwell,
author = {Maxwell, Aaron E and Warner, Timothy A and Guillén, Luis Andrés},
address = {Basel},
copyright = {Copyright 2021 Elsevier B.V., All rights reserved.},
issn = {2072-4292},
journal = {Remote sensing (Basel, Switzerland)},
keywords = {Accuracy ; Accuracy assessment ; Artificial intelligence ; Artificial neural networks ; Classification ; Computer vision ; Confusion ; Deep learning ; Equivalence ; Feature extraction ; Image classification ; Image processing ; Instance segmentation ; Jargon ; Literature reviews ; Machine learning ; Neural networks ; Object detection ; Population statistics ; Recall ; Remote sensing ; Semantic segmentation ; Terminology ; Thematic mapping},
language = {eng},
number = {13},
pages = {2450-},
publisher = {MDPI AG},
title = {Accuracy assessment in convolutional neural network-based deep learning remote sensing studies—part 1: Literature review},
volume = {13},
year = {2021},
}


@Article{yang,
AUTHOR = {Yang, Ming-Der and Tseng, Hsin-Hung and Hsu, Yu-Chun and Tsai, Hui Ping},
TITLE = {Semantic Segmentation Using Deep Learning with Vegetation Indices for Rice Lodging Identification in Multi-date UAV Visible Images},
JOURNAL = {Remote Sensing},
VOLUME = {12},
YEAR = {2020},
NUMBER = {4},
ARTICLE-NUMBER = {633},
URL = {https://www.mdpi.com/2072-4292/12/4/633},
ISSN = {2072-4292},
DOI = {10.3390/rs12040633}
}

@article{guillen,
author={Luis Andrés Guillén},
year={2021},
title={Accuracy Assessment in Convolutional Neural Network-Based Deep Learning Remote Sensing Studies—Part 1: Literature Review},
journal={Remote Sensing},
volume={13},
number={13},
pages={2450},
language={English},
url={http://jpllnet.sfsu.edu/login?url=https://www.proquest.com/scholarly-journals/accuracy-assessment-convolutional-neural-network/docview/2549628331/se-2},
}


@Article{papp,
AUTHOR = {Papp, Adam and Pegoraro, Julian and Bauer, Daniel and Taupe, Philip and Wiesmeyr, Christoph and Kriechbaum-Zabini, Andreas},
TITLE = {Automatic Annotation of Hyperspectral Images and Spectral Signal Classification of People and Vehicles in Areas of Dense Vegetation with Deep Learning},
JOURNAL = {Remote Sensing},
VOLUME = {12},
YEAR = {2020},
NUMBER = {13},
ARTICLE-NUMBER = {2111},
URL = {https://www.mdpi.com/2072-4292/12/13/2111},
ISSN = {2072-4292},
DOI = {10.3390/rs12132111}
}


@Article{sivakumar,
AUTHOR = {Veeranampalayam Sivakumar, Arun Narenthiran and Li, Jiating and Scott, Stephen and Psota, Eric and J. Jhala, Amit and Luck, Joe D. and Shi, Yeyin},
TITLE = {Comparison of Object Detection and Patch-Based Classification Deep Learning Models on Mid- to Late-Season Weed Detection in UAV Imagery},
JOURNAL = {Remote Sensing},
VOLUME = {12},
YEAR = {2020},
NUMBER = {13},
ARTICLE-NUMBER = {2136},
URL = {https://www.mdpi.com/2072-4292/12/13/2136},
ISSN = {2072-4292},
DOI = {10.3390/rs12132136}
}


@Article{prakash,
AUTHOR = {Prakash, Nikhil and Manconi, Andrea and Loew, Simon},
TITLE = {Mapping Landslides on EO Data: Performance of Deep Learning Models vs. Traditional Machine Learning Models},
JOURNAL = {Remote Sensing},
VOLUME = {12},
YEAR = {2020},
NUMBER = {3},
ARTICLE-NUMBER = {346},
URL = {https://www.mdpi.com/2072-4292/12/3/346},
ISSN = {2072-4292},
DOI = {10.3390/rs12030346}
}

@article{foody,
title = {Explaining the unsuitability of the kappa coefficient in the assessment and comparison of the accuracy of thematic maps obtained by image classification},
journal = {Remote Sensing of Environment},
volume = {239},
pages = {111630},
year = {2020},
issn = {0034-4257},
doi = {https://doi.org/10.1016/j.rse.2019.111630},
url = {https://www.sciencedirect.com/science/article/pii/S0034425719306509},
author = {Giles M. Foody},
keywords = {Accuracy, Kappa coefficient, Chance, Prevalence, Bias}
}

@book{livingston,
author = {Livingston, Douglas.},
address = {San Francisco},
booktitle = {A good life : dairy farming in the Olema Valley : a history of the dairy and beef ranches of the Olema Valley and Lagunitas Canyon, Golden Gate National Recreation Area and Point Reyes National Seashore, Marin County, California},
keywords = {Dairy farming -- California},
language = {eng},
lccn = {95229648},
publisher = {National Park Service, Department of the Interior},
series = {Historic resource study},
title = {A good life : dairy farming in the Olema Valley : a history of the dairy and beef ranches of the Olema Valley and Lagunitas Canyon, Golden Gate National Recreation Area and Point Reyes National Seashore, Marin County, California },
year = {1995},
}

